@article{einstein,
    author = "prova",
    title = "prova2",
    journal = "prova3",
    volume = "1",
    number = "1",
    year = "1",
    DOI = "http://dx.doi.org/10.1002/andp.19053221004",
    keywords = "physics"
}
